@misc{FoxTerritoryReproduction,
    Author = "CosleyZoo",
    Title = "Red Fox",
    Note = "https://cosleyzoo.org/red-fox/",
    Year = ""
}

@misc{FoxLife,
    Author = "Emily Osterloff",
    Title = "The secret life of urban foxes",
    Note = "https://www.nhm.ac.uk/discover/the-secret-life-of-urban-foxes.html",
    Year = ""
}

@misc{FoxFood,
    Author = "WildlifeOnline",
    Title = "Red Fox Diet - How Much Food?",
    Note = "https://www.wildlifeonline.me.uk/animals/article/red-fox-diet-how-much-food",
    Year = "2021" 
}

@misc{WolfRepLifeTer,
    Author = "Wolfhaven",
    Title = "Basic Facts About Gray Wolves",
    Note = "https://wolfhaven.org/conservation/wolves/basic-facts-about-gray-wolves/",
    Year = ""
}

@misc{WolfFood,
    Author = "InternationalWolfCenter",
    Title = "Wolf Faq's",
    Note = "https://wolf.org/wolf-info/basic-wolf-info/wolf-faqs",
    Year = ""
}
%https://wolf.org/wolf-info/basic-wolf-info/wolf-faqs/#toggle-id-19
%https://wolfhaven.org/conservation/wolves/basic-facts-about-gray-wolves/
